<record><leader>02800cam a2200325 i 45 0</leader><controlfield tag="001">6855898</controlfield><controlfield tag="005">20141010145755.0</controlfield><controlfield tag="008">141010s2015    nyu           000 0 eng  </controlfield><datafield ind1=" " ind2=" " tag="010"><subfield code="a">  2014039886</subfield></datafield><datafield ind1=" " ind2=" " tag="020"><subfield code="a">9780399166761</subfield></datafield><datafield ind1=" " ind2=" " tag="035"><subfield code="a">ocn892804107</subfield></datafield><datafield ind1=" " ind2=" " tag="040"><subfield code="a">DLC</subfield><subfield code="b">eng</subfield><subfield code="e">rda</subfield><subfield code="c">DLC</subfield><subfield code="d">AOAC</subfield></datafield><datafield ind1=" " ind2=" " tag="042"><subfield code="a">pcc</subfield></datafield><datafield ind1="0" ind2="0" tag="050"><subfield code="a">HD58.8</subfield><subfield code="b">.S7185 2014</subfield></datafield><datafield ind1="0" ind2="0" tag="082"><subfield code="a">650.1</subfield><subfield code="2">23</subfield></datafield><datafield ind1=" " ind2=" " tag="090"><subfield code="a">HD 58.8 S74 2015</subfield><subfield code="b">AOAC</subfield></datafield><datafield ind1="1" ind2=" " tag="100"><subfield code="a">Steinberg, Scott</subfield><subfield code="c">(Management consultant)</subfield></datafield><datafield ind1="1" ind2="0" tag="245"><subfield code="a">Make change work for you :</subfield><subfield code="b">10 ways to future-proof yourself, fearlessly innovate, and succeed despite uncertainty /</subfield><subfield code="c">Scott Steinberg.</subfield></datafield><datafield ind1=" " ind2=" " tag="250"><subfield code="a">First edition.</subfield></datafield><datafield ind1=" " ind2="1" tag="264"><subfield code="a">New York :</subfield><subfield code="b">Perigee,</subfield><subfield code="c">2015</subfield></datafield><datafield ind1=" " ind2=" " tag="300"><subfield code="a">xvi, [304] pages ;</subfield><subfield code="c">22 cm.</subfield></datafield><datafield ind1=" " ind2=" " tag="336"><subfield code="a">text</subfield><subfield code="b">txt</subfield><subfield code="2">rdacontent</subfield></datafield><datafield ind1=" " ind2=" " tag="337"><subfield code="a">unmediated</subfield><subfield code="b">n</subfield><subfield code="2">rdamedia</subfield></datafield><datafield ind1=" " ind2=" " tag="338"><subfield code="a">volume</subfield><subfield code="b">nc</subfield><subfield code="2">rdacarrier</subfield></datafield><datafield ind1=" " ind2=" " tag="504"><subfield code="a">Includes bibliographical references (p. [283]-291) and index.</subfield></datafield><datafield ind1=" " ind2=" " tag="520"><subfield code="a">Finding the courage to embrace change and take chances is the only way to succeed. Business, culture, and competitive landscapes have fundamentally changed, but basic principles and best practices for succeeding and future-proofing both yourself and your organization haven't. With a mix of compelling stories, research from the social sciences and psychology, and real-world insights, Make Change Work for You shows  how to reignite your career, rekindle creativity, and fearlessly innovate your way to success by providing the tools needed to master uncertainty and conquer every challenge in life or business. Make Change Work for You opens with a comprehensive overview of the most common factors that lead to self-defeating behaviors, including fear of failure, embarrassment, underperformance, rejection, confrontation, isolation, and change itself. Using a simple, four-part model, Steinberg helps you understand and better respond to the challenges that change can bring: Focus: Define the problem and come to understand it objectively. Engage: Interact with the challenge and try a range of solutions. Assess: Review the response(s) generated by your tactics. React: Adjust your strategy accordingly. And finally, the book shows how to develop the vital personal and professional skills required to triumph in the &#8220;new normal&#8221; by understanding and engaging in the 10 new habits that highly successful people share: 1. Play the Odds 2. Embrace Tomorrow Today 3. Seek Constant Motion 4. Lead, Don&#8217;t Follow 5. Never Stop Learning 6. Create Competitive Advantage 7. Connect the Dots 8. Pick Your Battles 9. Set and Align Your Priorities 10. Always Create Value</subfield></datafield><datafield ind1=" " ind2=" " tag="596"><subfield code="a">33</subfield></datafield><datafield ind1=" " ind2="0" tag="650"><subfield code="a">Organizational change.</subfield></datafield><datafield ind1=" " ind2="0" tag="650"><subfield code="a">Change (Psychology)</subfield></datafield><datafield ind1=" " ind2=" " tag="926"><subfield code="a">HD 58.8 S74 2015</subfield><subfield code="w">LC</subfield><subfield code="c">1</subfield><subfield code="i">0164000902738</subfield><subfield code="d">3/30/2015</subfield><subfield code="e">3/24/2015</subfield><subfield code="l">ON_SHELF</subfield><subfield code="m">OLDS</subfield><subfield code="n">1</subfield><subfield code="r">Y</subfield><subfield code="s">Y</subfield><subfield code="t">BOOK</subfield><subfield code="u">3/10/2015</subfield></datafield></record>